@book{kleppmanndda,
    title = {Designing Data-Intensive Applications},
    author = {Kleppmann, Martin},
    year = {2017},
    publisher = {O'Reilly Media},
}

@book{scyllainaction,
    title = {ScyllaDB in Action},
    author = {Ingram, Bo},
    year = {2024},
    publisher = {Manning Publications},
}

@inproceedings{kafkabdd,
    title = {KAFKA: The modern platform for data management and analysis in big
             data domain},
    author = {Shree, Rishika and Choudhury, Tanupriya and Gupta, Subhash Chand
              and Kumar, Praveen},
    year = {2017},
    booktitle = {2017 2nd International Conference on Telecommunication and
                 Networks (TEL-NET)},
}

@article{cassandrawp,
    author = {Lakshman, Avinash and Malik, Prashant},
    title = {Cassandra: a decentralized structured storage system},
    year = {2010},
    publisher = {Association for Computing Machinery},
    journal = {SIGOPS Oper. Syst. Rev.},
}

@inproceedings{memcachedfb,
    author = {Nishtala, Rajesh and Fugal, Hans and Grimm, Steven and Kwiatkowski
              , Marc and Lee, Herman and Li, Harry C. and McElroy, Ryan and
              Paleczny, Mike and Peek, Daniel and Saab, Paul and Stafford, David
              and Tung, Tony and Venkataramani, Venkateshwaran},
    title = {Scaling Memcache at Facebook},
    year = {2013},
    publisher = {USENIX Association},
    booktitle = {Proceedings of the 10th USENIX Conference on Networked Systems
                 Design and Implementation},
}

@book{redisia,
    title = {Redis in Action},
    author = {Carlson, Josiah},
    year = {2013},
    publisher = {Manning Publications},
}

@article{inframon,
    author = { Pragathi B.C., Hrithik Maddirala, Sneha M. },
    title = { Implementing an Effective Infrastructure Monitoring Solution with
             Prometheus and Grafana },
    year = { 2024 },
    publisher = {Foundation of Computer Science (FCS), NY, USA},
    journal = { International Journal of Computer Applications },
}


@article{iotcps,
    author = {Ratasich, Denise and Khalid, Faiq and Geissler, Florian and Grosu,
              Radu and Shafique, Muhammad and Bartocci, Ezio},
    journal = {IEEE Access},
    title = {A Roadmap Toward the Resilient Internet of Things for
             Cyber-Physical Systems},
    year = {2019},
}
